1980 3180
67 279 99 318 10

264 261 295 333 Q.
323 259 504 314 Horam
524 258 674 313 FLAch

437 479 487 532 VI.

137 589 222 662 Qum
236 589 415 643 immerentes
427 588 554 658 hospites
566 604 650 643 vexas
664 590 741 644 canis

173 676 295 743 ignavus
309 672 458 726 adversum
472 673 575 742 lupos?

138 756 212 827 Quin
222 755 278 810 hirc
291 755 398 824 inanes,
412 755 435 809 si
448 765 537 827 potes,
550 755 634 810 vertis
648 755 747 823 minas,

173 840 210 893 Et
224 855 270 892 me
282 855 470 893 remorsurum
483 839 563 909 petis.

138 925 214 978 Nam
225 922 314 993 qualis
327 931 374 976 aut
389 923 531 976 Molossus
545 932 591 976 aut
604 923 695 976 fulvus
710 923 813 989 Lacon,
852 934 865 991 5

172 1006 274 1060 Amica
285 1005 327 1058 vis
340 1005 508 1074 pastoribus,

137 1090 230 1158 Agam
242 1103 292 1157 per
305 1087 376 1141 altas
390 1102 457 1141 aure
470 1087 581 1141 sublata
594 1087 681 1152 nives,

174 1172 357 1242 Quaecunque
369 1170 510 1241 praecedet
523 1170 582 1224 iera
595 1188 601 1224 :

139 1256 191 1323 Tu,
204 1272 290 1326 quum
302 1255 429 1310 timenda
441 1271 510 1308 voce
523 1253 669 1324 complesti
682 1270 790 1322 nemus,

175 1339 334 1409 Projectum
347 1338 472 1393 odoraris
482 1338 583 1392 cibum.
837 1351 869 1390 10

140 1421 224 1487 Cave,
237 1437 323 1475 cave:
343 1436 465 1490 namque
478 1421 506 1473 in
519 1421 608 1474 malos
622 1420 790 1491 asperrimus

176 1505 278 1557 Parata
290 1505 358 1558 tollo
371 1520 484 1571 cornua,

141 1587 238 1657 Qualis
254 1588 405 1656 Lycambae
418 1597 527 1657 spretus
542 1586 628 1640 infido
641 1603 734 1655 gener,

175 1673 231 1726 Aut
244 1687 309 1725 acer
321 1670 410 1725 hostis
425 1672 541 1741 Bupalo.

140 1757 194 1822 An,
208 1755 231 1808 si
244 1754 305 1825 quis
318 1765 379 1810 atro
392 1755 476 1809 dente
490 1771 535 1808 me
548 1754 683 1824 petiverit,
839 1767 868 1823 15

178 1839 285 1892 Inuitus
299 1847 328 1893 ut
339 1839 414 1894 iiebo
427 1840 515 1909 puer?

437 1974 505 2027 VII.

143 2073 221 2150 Qud,
235 2079 290 2150 qud
304 2080 414 2134 scelesti
428 2081 526 2135 ruitis?
545 2093 592 2137 aut
606 2101 654 2137 cur
667 2084 787 2139 dexteris

176 2164 316 2232 Aptantur
328 2179 410 2216 enses
424 2164 549 2218 conditi?

143 2248 281 2300 Parumne
295 2246 402 2315 campis
415 2255 499 2314 atque
514 2249 648 2318 Neptuno
661 2266 745 2319 super

177 2330 284 2384 Fusum
297 2339 338 2383 est
354 2328 444 2383 Latini
459 2331 624 2400 sanguinis?

144 2414 219 2481 Non,
232 2422 262 2467 ut
275 2413 410 2482 superbas
424 2412 528 2468 invidae
543 2416 720 2485 Carthaginis
858 2430 870 2483 5

178 2498 323 2552 Romanus
337 2514 415 2552 arces
435 2509 534 2568 ureret,

144 2582 270 2635 Intactus
282 2590 329 2634 aut
344 2582 495 2636 Britannus
509 2591 539 2636 ut
554 2582 736 2638 descenderet

180 2665 266 2718 Sacra
279 2674 425 2721 catenatus
438 2665 492 2732 via,

145 2746 202 2802 Sed
215 2757 244 2802 ut
258 2749 413 2803 secundum
427 2758 493 2802 vota
507 2750 673 2803 Parthorum
687 2756 738 2804 sust

179 2832 256 2885 Urbs
269 2832 333 2886 haec
347 2832 450 2904 periret
464 2832 585 2888 dextera.
843 2847 875 2886 10
