1980 3180
64 238 81 289 4

257 221 289 291 Q.
316 220 499 274 Honnrrr
520 219 673 273 Faxccr

136 362 243 418 Sabina
255 362 346 431 qualis
359 370 406 415 aut
419 370 532 430 perusta
545 359 651 414 solibus

170 445 294 500 Pemicis
308 462 377 499 uxor
389 445 482 514 Apuli,

136 529 253 583 Sacrum
265 528 383 592 vetustis
396 536 519 581 exstruat
532 526 614 596 lignis
627 526 721 580 focum

171 612 251 666 Lassi
265 612 316 666 sub
329 612 482 666 adventum
494 609 554 676 viri,
829 671 832 676 .

135 695 333 764 claudensque
345 693 427 748 textis
441 692 564 746 cratibus
577 693 672 747 laetum
685 708 771 762 pecus
828 704 861 760 45

170 776 302 830 Distenta
315 775 401 830 siccet
414 775 519 842 ubera;

135 860 172 914 Et
185 859 276 913 borna
289 858 363 913 dulci
377 858 442 912 vina
454 873 586 927 promens
600 856 684 924 dolio,

171 945 268 1012 Dapes
282 942 421 1011 inemptas
435 949 551 1010 apparet
566 958 571 994 :

135 1026 202 1079 Non
215 1041 261 1079 me
275 1023 394 1078 Lucrina
403 1022 525 1093 juverint
538 1020 686 1090 conchylia

171 1107 300 1177 Magisve
313 1106 447 1160 rhombus
460 1115 508 1159 aut
521 1105 602 1173 scari,
831 1117 863 1173 50

135 1192 165 1247 Si
178 1209 248 1262 quos
263 1190 331 1245 Eois
344 1190 471 1245 intonata
483 1188 614 1245 fluctibus

163 1275 264 1330 Hiems
277 1275 314 1329 ad
326 1274 381 1328 hoc
393 1283 482 1330 vertat
499 1290 576 1329 mare
588 1292 596 1338 ;

134 1359 202 1414 Non
214 1359 283 1412 Afra
295 1357 355 1412 avis
373 1357 527 1411 descendat
540 1357 569 1410 in
582 1365 708 1411 ventrem
722 1372 824 1425 meum,

168 1443 196 1495 N
199 1458 236 1495 on
249 1449 363 1508 attagen
376 1440 488 1501 lonicus

132 1524 294 1593 Jucundior,
307 1524 392 1594 quam
404 1523 478 1577 lecta
490 1523 526 1578 de
539 1523 730 1593 pinguissimis
829 1537 859 1594 55

97 1670 107 1687 ·.
169 1607 251 1663 Oliva
263 1607 349 1661 ramis
362 1606 505 1673 arborum,

133 1691 189 1746 Aut
202 1691 290 1746 herba
302 1689 409 1759 lapathi
423 1699 503 1759 prata
516 1690 645 1759 amantis,
660 1701 687 1746 et
699 1691 776 1761 gravi

169 1776 273 1830 Malvae
286 1774 411 1829 salubres
424 1774 542 1844 corpori,

78 1885 80 1889 ·
131 1856 184 1912 Vel
196 1875 271 1928 agna
283 1857 362 1913 sestis
376 1874 450 1912 caesa
464 1855 681 1927 Terminalibus

168 1943 221 1995 Vel
233 1941 332 1996 haedus
347 1950 457 2011 ereptus
471 1941 544 2010 lupo.
826 1939 862 1995 60

135 2026 195 2079 Has
209 2024 280 2078 inter
293 2024 389 2094 epulas
402 2033 432 2077 ut
442 2025 520 2093 juvat
534 2036 630 2094 pastas
643 2043 709 2080 oves

168 2106 272 2160 Videre
285 2116 466 2175 properantes
481 2108 604 2177 domum,

132 2189 235 2244 Videre
248 2191 336 2243 fessos
350 2206 492 2244 vomerem
506 2191 647 2246 inversum
660 2193 747 2247 boves

168 2273 247 2326 Collo
259 2272 402 2327 trahentes
416 2273 557 2342 languido,

134 2355 298 2425 Positosque
312 2372 421 2423 vernas,
435 2356 500 2410 ditis
514 2373 630 2411 examen
644 2358 752 2423 domus,
825 2358 858 2426 65

167 2438 279 2492 Circum
292 2438 452 2493 renidentes
468 2441 563 2494 lares.”

132 2523 203 2576 Haec
217 2521 264 2575 ubi
278 2523 408 2592 loquutus
421 2523 560 2577 fenerator
572 2523 670 2590 Alfius,

165 2608 229 2675 Jam
240 2608 300 2678 jam
313 2608 420 2662 futurus
433 2607 561 2673 rusticus,

132 2691 254 2745 Omnem
267 2689 375 2760 redegit
390 2689 487 2744 Idibus
499 2689 657 2760 pecuniam,

166 2771 273 2843 Quaerit
288 2772 425 2829 Kalendis
438 2789 549 2842 ponere.
