1980 3180
299 275 477 332 EPODON
496 277 629 332 LIBER.

135 420 202 472 Non
215 418 332 484 usitatis,
342 419 426 484 Vare‚
439 419 608 488 potionibus,

104 544 108 553 .
170 502 297 556 Omulta
309 501 438 556 fleturum
451 513 544 572 caput,

132 584 179 638 Ad
191 601 237 638 me
250 601 383 653 recurres,
396 582 449 639 nec
461 596 562 640 vocata
574 603 654 641 mens
672 595 721 644 tua
760 589 764 598 '
829 601 861 658 75

171 668 274 722 Marsis
288 668 389 723 redibit
402 669 526 724 vocibus.
721 740 724 744 Δ

136 751 228 820 Majus
241 752 355 821 parab0‚
369 753 460 821 majus
474 751 618 806 infundam
631 752 682 807 tibi

170 834 337 889 Fastidienti
351 835 491 904 poculum,

135 917 270 988 Priusque
283 918 386 972 coelum
400 917 471 971 sidet
485 917 598 971 inferius
612 918 692 986 mari,

98 1023 102 1031 ·
169 1001 280 1054 Tellure
293 1007 421 1070 porrecta
434 1000 525 1070 super,
830 1005 864 1057 80

135 1085 227 1154 Quam
240 1101 297 1138 non
311 1101 407 1139 amore
420 1085 460 1138 sic
472 1102 536 1139 meo
550 1085 651 1154 flagres
663 1086 704 1140 uti

170 1168 301 1222 Bitumen
317 1168 384 1223 atris
398 1168 570 1238 ignibus.’'—

136 1251 194 1306 Sub
207 1251 269 1306 haec
281 1269 350 1321 puer
359 1252 420 1321 jam
432 1268 489 1305 non
500 1260 530 1305 ut
543 1251 609 1306 ante
622 1251 752 1305 mollibus

170 1335 270 1388 Lenire
282 1334 375 1388 verbis
389 1334 499 1404 impias,

136 1417 192 1471 Sed
205 1417 306 1472 dubius
319 1417 394 1471 unde
407 1408 547 1487 rumpe'ret
561 1418 702 1472 silentium
830 1421 862 1488 85

171 1501 250 1555 Misit
262 1502 419 1570 Thyesteas
432 1518 530 1572 preces
542 1520 548 1556 ε

136 1585 278 1638 “Venena
290 1601 424 1653 magnum
436 1585 479 1639 sas
492 1585 629 1655 nefasque
643 1603 699 1639 non
713 1586 804 1641 valent

171 1668 341 1721 Convertere
355 1668 508 1721 humanam
522 1668 632 1735 vicem;

136 1750 212 1804 Diris
226 1767 309 1818 agam
321 1766 371 1804 vos
383 1767 391 1818 ;
411 1751 472 1803 dira
485 1750 634 1804 detestatio

172 1834 258 1887 Nulla
270 1834 397 1903 expiatur
409 1833 530 1887 victima.
829 1849 865 1901 90

136 1916 219 1984 Quin,
233 1916 280 1970 ubi
294 1916 384 1986 perire
394 1916 489 1985 jussus
502 1915 687 1985 exspiravero‚

171 2001 332 2053 Nocturnus
346 2016 491 2052 occurram
505 2000 580 2053 furor

135 2083 289 2152 Petamque
302 2083 393 2136 vultus
407 2082 507 2135 umbra
520 2081 611 2136 curvis
622 2082 769 2152 unguibus,

171 2166 296 2235 Quaevis
312 2167 437 2219 Deorum
451 2174 493 2218 est
508 2165 644 2234 Manium,

134 2248 171 2302 Et
185 2248 315 2318 inquietis
329 2248 457 2302 assidens
471 2249 633 2318 praecordiis
831 2263 863 2318 95

170 2332 276 2385 Pavore
290 2349 404 2385 somnos
418 2332 549 2386 auferam.

132 2415 191 2467 Vos
205 2415 287 2468 turba
299 2415 413 2468 vicatim
426 2415 492 2468 hinc
506 2424 533 2468 et
546 2415 612 2468 hinc
626 2415 700 2468 saxis
712 2424 811 2482 petens

170 2497 330 2550 Contundet
344 2498 482 2551 obscenas
496 2498 573 2551 ansis.

134 2579 200 2634 Post
214 2581 353 2649 insepulta
366 2581 493 2635 membra
505 2581 633 2634 different
648 2580 704 2648 lupi
741 2651 743 2656 Ι

169 2665 205 2717 Et
220 2663 376 2732 Esquilinae
388 2663 467 2717 alites
479 2681 486 2730 3
815 2678 864 2716 roo

135 2748 234 2815 Neque
247 2747 301 2799 hoc
315 2756 454 2816 parentes,
468 2747 523 2800 heu
536 2745 605 2799 mihi
619 2745 792 2815 superstites

168 2829 304 2898 Effugerit
319 2830 535 2901 spectaculum.n

882 2864 899 2917 )
