1980 3180
341 238 518 294 EPODON
536 240 669 294 LIBER.

176 381 232 435 Aut
245 381 273 435 in
286 381 403 435 reducta
414 382 487 435 valle
501 380 685 450 mugientium

212 465 376 533 Prospectat
390 474 514 518 errantes
527 482 627 533 greges
640 481 648 533 ;

177 547 349 618 Inutilesque
362 548 433 601 falce
446 564 539 602 ramos
552 558 701 618 amputans

212 631 363 686 Feliciores
378 630 473 685 inserit
486 648 493 698 ;

175 715 232 769 Aut
245 731 344 785 pressa
356 713 433 784 puris
446 716 530 768 mella
543 716 639 770 condit
653 715 796 786 amphoris
808 735 815 782 ;
874 728 902 784 15

211 798 267 852 Aut
280 798 378 852 tondet
392 796 517 851 infirmas
534 815 600 851 oves
612 815 621 866 3

176 881 229 935 Vel
243 897 329 951 quum
342 880 475 934 decorum
487 879 602 934 mitibus
614 881 706 951 pomis
720 892 803 952 caput

211 965 387 1018 Auctumnus
400 961 474 1032 agris
488 963 593 1030 extulit,

178 1048 218 1102 Ut
231 1047 335 1115 gaudet
348 1045 460 1100 insitiva
472 1046 628 1116 decerpens
641 1046 709 1115 pira,

213 1130 375 1184 Certantem
388 1138 416 1183 et
429 1142 512 1182 uvam
525 1146 663 1199 purpurae,
872 1145 906 1185 20

179 1215 241 1282 Qua
254 1221 414 1266 muneretur
426 1220 463 1278 te,
478 1210 587 1281 Priape,
601 1221 629 1266 et
641 1221 678 1281 te,
691 1222 771 1282 pater

214 1295 335 1363 Silvane‚
349 1305 423 1348 tutor
436 1294 551 1349 finium!
569 1344 577 1349 ..

179 1378 259 1433 Libet
270 1379 364 1448 jacere
377 1377 462 1431 modo
476 1380 528 1432 sub
541 1376 657 1449 antiqua
669 1377 739 1448 ilice,
880 1400 908 1413 ·

215 1461 303 1516 Modo
317 1461 345 1515 in
358 1462 450 1515 tenaci
465 1460 599 1530 gramine.

179 1547 323 1600 Labuntur
335 1545 398 1599 altis
412 1545 523 1600 interim
537 1545 605 1615 ripis
618 1562 709 1617 aquae,
872 1559 904 1615 25

214 1630 374 1699 Queruntur
386 1629 414 1682 in
428 1628 504 1683 silvis
517 1630 592 1697 aves,

165 1713 339 1783 ⁴Fontesque
352 1711 474 1781 lymphis
487 1712 651 1782 obstrepunt
665 1712 852 1782 manantibus,

213 1796 333 1850 Somnos
346 1795 422 1864 quod
436 1794 533 1849 invitet
546 1796 629 1850 leves.

177 1878 216 1932 At
229 1895 316 1949 quum
327 1877 452 1932 tonantis
465 1895 555 1932 annus
568 1878 701 1933 hibernus
714 1881 791 1950 Jovis

216 1962 325 2015 Imbres
338 1961 472 2032 nivesque
486 1971 638 2031 comparat,
874 1980 909 2034 30

179 2043 235 2098 Aut
248 2043 334 2098 trudit
347 2060 426 2099 acres
439 2045 505 2098 hinc
518 2054 545 2098 et
559 2044 625 2098 hinc
637 2047 725 2102 multa
738 2063 808 2103 cane

214 2128 306 2196 Apros
320 2127 347 2180 in
361 2128 505 2181 obstantes
519 2129 625 2196 plagas,

180 2210 236 2263 Aut
250 2209 335 2263 amite
350 2211 402 2265 levi
416 2229 478 2265 rara
491 2211 581 2266 tendit
594 2213 672 2279 retia,

216 2293 318 2347 Turdis
332 2292 465 2347 edacibus
479 2295 567 2362 doloS,

180 2373 374 2445 Pavidumque
384 2377 508 2445 leporem
517 2388 544 2431 et
553 2379 692 2432 advenam
705 2381 804 2450 laqueo
812 2397 910 2451 gruem

162 2528 165 2533 Ι
214 2459 343 2526 Jucunda
356 2470 450 2530 captat
467 2463 591 2531 praemia.
877 2467 911 2533 36

181 2541 252 2612 Quis
265 2559 322 2597 non
335 2544 480 2611 malarum,
495 2562 565 2614 quas
579 2562 659 2599 amor
672 2562 752 2600 curas
766 2548 859 2618 habet,

151 2630 154 2635 '
219 2626 292 2679 Haec
305 2625 377 2679 inter
390 2627 582 2680 obliviscitur?

130 2734 135 2744 ·
184 2707 269 2778 Qubd
282 2708 305 2762 si
319 2708 422 2777 pudica
435 2710 535 2763 mulier
548 2710 576 2763 in
589 2722 699 2780 partem
709 2713 787 2782 juvet

221 2793 345 2846 Domum
359 2802 443 2863 atque
457 2793 552 2847 dulces
566 2794 677 2863 liberos,
882 2814 917 2858 ro

493 2903 528 2933 ua
