1980 3180
67 134 82 172 2

258 118 291 190 ρ.
317 118 500 173 nonnius
520 115 673 171 FLACCJ

138 261 240 314 Comes
254 259 361 313 minore
375 277 436 313 sum
450 259 556 312 futurus
570 258 598 311 in
611 267 696 324 metu,

173 343 228 412 Qui
242 343 331 412 major
343 343 475 396 absentes
488 342 573 395 habet
586 358 593 408 3

139 426 179 478 Ut
193 424 321 479 assidens
334 425 514 495 implumibus
528 425 609 494 pullis
628 424 687 478 avis

174 509 351 579 Serpentium
367 511 489 580 allapsus
503 509 582 563 timet

139 593 233 660 Magis
246 592 357 661 relictis,
371 610 436 659 non,
450 601 480 646 ut
493 592 575 659 adsit,
589 591 672 646 auxili

175 675 278 728 Latura
289 676 351 744 plus
364 675 557 744 praesentibus.

139 757 271 811 Libenter
283 760 337 812 hoc
350 768 377 813 et
391 776 474 814 omne
487 759 651 814 militabitur

175 843 285 895 Bellum
299 841 328 894 in
341 852 396 896 tuae
410 861 489 912 spem
502 843 608 911 gratiae,

139 927 206 977 Non
219 934 248 978 ut
258 925 385 994 juvencis
399 924 505 994 illigata
516 925 641 995 pluribus

173 1010 275 1062 Aratra
287 1008 411 1062 nitantur
422 1025 495 1074 mea,

140 1092 265 1170 Recusve
279 1091 405 1146 Calabris
419 1102 484 1147 ante
497 1091 574 1146 sidus
587 1091 724 1146 fervidum

175 1176 289 1228 Lucana
300 1184 389 1229 mutet
403 1175 524 1245 pascuis»,

140 1259 241 1327 Neque
253 1267 284 1310 ut
297 1258 409 1326 superni
422 1259 488 1312 villa
501 1258 625 1312 candens
639 1258 752 1313 Tusculi

175 1340 284 1394 Circaea
297 1350 393 1409 tangat
407 1343 519 1395 moenia.
832 1356 867 1410 30

140 1423 215 1479 Satis
228 1424 366 1494 superque
379 1440 425 1477 me
437 1425 595 1493 benignitas
609 1435 656 1479 tua

176 1507 303 1562 Ditavit:
323 1508 399 1562 haud
416 1524 559 1576 paravero,

140 1591 224 1662 Quod
237 1600 284 1645 aut
298 1608 397 1645 avarus
411 1600 440 1645 ut
455 1591 590 1646 Chremes
604 1598 676 1648 terra
689 1609 824 1665 premam,

176 1674 338 1730 Discinctus
351 1685 398 1730 aut
411 1675 528 1744 perdam
541 1692 636 1746 nepos.

449 1833 487 1885 II.

140 1942 155 2005 f‘
165 1941 289 1992 BEATUS
303 1938 357 2006 ille,
371 1938 418 2008 qui
431 1941 528 2008 procul
542 1940 669 2009 negotiis,

176 2023 216 2076 Ut
229 2021 322 2091 prisca
334 2037 404 2089 gens
417 2022 586 2090 mortalium,

141 2108 262 2159 Paterna
275 2120 338 2157 rura
351 2104 441 2158 bobus
455 2114 564 2159 exercet
578 2105 644 2172 suis,

175 2189 288 2243 Solutus
302 2187 379 2241 omni
392 2187 496 2254 fenore,

141 2273 241 2342 Neque
255 2271 390 2325 excitatur
403 2270 522 2325 classico
536 2269 616 2324 miles
630 2270 708 2338 truci,
853 2282 866 2339 5

177 2357 278 2424 Neque
290 2356 388 2408 horret
402 2354 502 2408 iratum
515 2370 602 2419 mare,

140 2439 300 2508 Forumque
313 2437 382 2490 vitat
396 2446 423 2491 et
436 2436 558 2505 superba
570 2435 673 2490 civium

176 2520 367 2576 Potentiorum
380 2519 485 2573 limina.

141 2607 218 2673 Ergo
231 2615 278 2658 aut
291 2604 388 2659 adulta
399 2603 497 2658 vitium
510 2601 664 2672 propagine

176 2690 256 2742 Altas
269 2688 381 2742 maritat
394 2687 521 2757 populos,
