1980 3180
305 251 483 307 EPODON
501 253 634 307 arasa
837 265 866 322 ις

70 396 106 448 Et
120 394 209 462 decet,
223 394 346 449 obducta
359 389 483 448 solvatur
495 394 586 450 fronte
599 404 737 449 senectus.
854 407 867 462 5

104 479 149 531 Tu
161 478 226 531 vina
239 479 383 548 Torquato
396 494 478 532 move
492 478 606 532 consule
619 494 718 548 pressa
730 493 801 532 meo.
875 497 878 503 ·

71 562 172 615 Cetera
184 560 264 614 mitte
276 561 352 630 loqui
366 579 371 614 :
393 562 498 615 “Deus
512 562 573 614 haec
586 561 705 615 sortasse
717 559 840 629 benigna

105 643 232 698 Reducet
246 643 274 696 in
288 643 384 697 sedem
397 644 465 698 vice.
505 645 589 698 Nunc
602 652 630 698 et
643 643 827 698 Achaemenio

71 726 203 781 Perfundi
216 727 304 781 nardo
315 725 393 795 juvat
407 735 434 780 et
449 726 503 781 fide
517 727 652 795 Cyllenea

109 810 215 864 Levare
228 808 295 863 diris
309 818 424 877 pectora
437 808 671 863 sollicitudinibus
683 828 690 874 ;
840 823 872 861 10

72 892 184 946 Nobilis
194 901 223 946 ut
236 891 336 962 grandi
351 891 451 945 cecinit
466 892 623 947 Centaurus
637 892 769 947 alumno:

108 975 224 1042 Invicte‚
237 975 364 1029 mortalis
378 977 442 1030 Dea
454 986 520 1031 nate
533 993 602 1046 puer
615 975 745 1045 Thetide,

72 1060 114 1115 Te
127 1068 222 1113 manet
232 1057 363 1113 Assaraci
376 1059 466 1127 tellus,
480 1077 565 1130 quam
578 1058 680 1129 frigida
692 1057 771 1128 parvi

108 1141 232 1195 Findunt
246 1142 411 1196 Scamandri
423 1142 547 1211 flumina,
561 1142 683 1197 lubricus
696 1151 724 1195 et
738 1140 860 1211 Simois,

73 1226 159 1280 Unde
171 1224 222 1279 tibi
235 1225 355 1280 reditum
368 1234 444 1280 certo
457 1225 615 1280 subtemine
629 1226 726 1279 Parcae
754 1220 757 1226 ’
841 1237 871 1293 15

109 1309 229 1378 Rupere,
242 1324 294 1361 nec
306 1317 396 1361 mater
409 1306 525 1361 domum
537 1307 639 1362 caerula
651 1316 679 1361 te
692 1307 811 1362 revehet.

75 1390 136 1448 Illic
149 1407 232 1445 omne
245 1393 351 1444 malum
364 1391 429 1444 vino
443 1399 582 1461 cantuque
595 1390 696 1458 levato,

70 1510 73 1514 Δ
110 1474 252 1530 Deformis
265 1473 437 1543 aegrimoniae
451 1473 579 1528 dulcibus
593 1472 745 1549 alloquiis’l

432 1619 511 1672 XIV.

77 1727 196 1781 MOLLls
210 1725 311 1779 inertia
323 1743 372 1780 cur
390 1734 498 1779 tantam
512 1723 652 1780 diffuderit
665 1725 729 1781 imis

75 1800 78 1805 ⁹
112 1807 291 1863 Oblivionem
304 1808 441 1876 sensibus,

77 1893 181 1946 Pocula
195 1893 324 1947 Lethaeos
336 1901 367 1946 ut
380 1891 404 1946 si
416 1890 549 1947 ducentia
562 1906 677 1946 somnos

111 1976 216 2029 Arente
228 1975 309 2029 fauce
321 1974 460 2042 traxerim,
588 1979 591 1983 ’

77 2058 205 2112 Candide
220 2059 372 2124 Maecenas,
385 2056 491 2111 occidis
504 2073 581 2126 saepe
593 2056 737 2127 rogando:
860 2068 872 2123 5

113 2143 199 2208 Deus,
214 2142 293 2194 Deus
306 2157 372 2194 nam
385 2156 431 2193 me
444 2150 519 2194 vetat

78 2226 218 2294 Inceptos,
231 2223 299 2278 olim
312 2222 481 2292 promissum
494 2238 616 2290 carmen,
630 2222 739 2277 iambos

112 2306 158 2360 Ad
170 2306 334 2360 umbilicum
348 2307 494 2360 adducere,

78 2391 144 2442 Non
157 2389 237 2443 aliter
252 2389 347 2442 Samio
361 2389 456 2442 dicunt
470 2388 572 2443 arsisse
586 2388 717 2457 Bathyllo

112 2474 293 2527 Anacreonta
305 2474 415 2540 Telum,
844 2486 876 2524 10

78 2555 133 2627 Qui
146 2573 274 2626 persaepe
287 2562 357 2610 cava
369 2555 510 2610 testudine
523 2555 599 2610 flevit
612 2571 738 2609 amorem

114 2639 180 2693 Non
194 2640 369 2693 elaboratum
384 2639 420 2692 ad
433 2640 544 2708 pedem.

78 2723 176 2778 Uteris
189 2722 250 2792 ipse
263 2722 365 2777 miser:
386 2721 462 2791 qubd
475 2723 498 2776 si
511 2739 568 2775 non
581 2721 723 2791 pulchrior
735 2721 807 2790 ignis

112 2805 250 2861 Accendit
263 2806 410 2859 obsessam
425 2805 506 2872 Ilion,
