1980 3180
315 285 495 340 EPODON
515 287 647 340 LIBER.

448 508 503 561 lll.

149 612 307 667 Portunus
321 611 388 666 olim
403 612 426 666 si
439 613 501 683 quis
516 613 603 684 impia
615 630 701 670 manu

184 695 278 751 Senile
290 704 384 765 guttur
400 696 521 766 fregerit,

147 778 214 833 Edit
228 779 326 833 cicutis
338 779 435 833 allium
448 780 601 834 nocentius.

181 863 207 927 O
223 862 293 916 dura
305 879 462 916 messorum
475 863 523 917 ilia
537 867 543 919 !

146 944 222 1014 Quid
233 945 288 999 hoc
301 946 401 999 veneni
415 946 494 1001 saevit
508 947 536 1000 in
549 947 733 1017 praecordiis?
859 963 872 1018 5

180 1030 258 1081 Num
271 1029 412 1099 viperinus
425 1030 469 1084 his
483 1046 564 1084 cruor

146 1113 276 1167 lncoctus
288 1113 383 1167 herbis
397 1130 443 1168 me
456 1114 573 1169 fefellit?
591 1130 627 1168 an
640 1116 730 1169 malas

178 1195 299 1260 Canidia
311 1196 441 1251 tractavit
454 1197 564 1268 dapes?

142 1277 184 1333 Ut
196 1279 375 1348 Argonautas
389 1289 491 1349 praeter
504 1297 603 1335 omnes
615 1280 767 1336 candidum

177 1362 283 1418 Medea
294 1363 396 1418 mirata
409 1371 452 1418 est
465 1363 575 1433 ducem,
838 1379 870 1419 10

143 1446 244 1514 Ignota
256 1445 343 1501 tauris
356 1445 525 1515 illigaturum
535 1447 605 1518 juga

177 1532 307 1587 Perunxit
319 1532 374 1586 hoc
391 1534 521 1588 Iasonem
529 1551 538 1603 3

141 1615 205 1668 Hoc
218 1614 349 1669 delibutis
362 1616 421 1670 ulta
433 1614 515 1670 donis
528 1616 658 1686 pellicem

175 1699 310 1767 Serpente
323 1698 393 1768 fugit
406 1698 479 1754 alite.

140 1782 202 1835 Nec
214 1791 308 1836 tantus
322 1799 446 1852 unquam
459 1782 583 1837 siderum
596 1782 697 1838 insedit
709 1799 797 1854 vapor
836 1797 865 1854 15

87 1933 91 1940 โต
175 1863 332 1919 Siticulosae
344 1865 464 1935 Apuliae,

135 1937 201 2002 Nec
215 1964 316 2002 munus
329 1948 454 2002 humeris
467 1947 589 2003 efficacis
604 1948 734 2004 Herculis

175 2031 277 2086 Inarsit
290 2031 445 2086 aestuosius

137 2113 183 2181 At,
197 2113 220 2167 si
234 2114 301 2184 quid
313 2130 438 2185 unquam
450 2115 506 2169 tale
520 2114 721 2186 concupiveris,

172 2198 274 2265 Jocose
288 2199 440 2267 Maecenas,
454 2215 561 2268 precor,
832 2215 867 2253 20

139 2280 258 2335 Manum
270 2283 364 2351 puella
376 2283 473 2337 suavio
486 2291 610 2354 opponat
623 2292 680 2352 tuo,

173 2364 308 2418 Extrema
322 2373 349 2418 et
362 2365 390 2418 in
406 2365 515 2434 sponda
528 2366 618 2420 cubet.

440 2499 489 2553 IV.

141 2605 232 2659 LUPIS
245 2613 273 2659 et
286 2604 367 2674 agnis
381 2615 488 2676 quanta
501 2606 599 2661 sortitb
613 2605 721 2676 obtigit,

173 2689 280 2743 Tecum
292 2689 362 2743 mihi
375 2689 517 2744 discordia
529 2700 580 2758 est,

141 2771 257 2826 Ibericis
270 2783 382 2842 peruste
395 2773 507 2827 funibus
520 2774 593 2826 latus

173 2855 212 2911 Et
226 2871 306 2909 crura
319 2854 391 2910 dura
404 2848 556 2931 compedess
641 2850 645 2858 ยน
