1980 3180
66 269 83 323 8

263 267 294 338 Q.
322 267 505 354 Honnrrr
525 269 677 325 rrnccr

140 409 177 467 Et
191 408 282 464 otiosa
296 407 415 464 credidit
430 409 567 480 Neapolis

175 493 212 547 Et
226 509 309 545 omne
322 492 444 546 vicinum
458 493 601 563 oppidum,
695 559 696 562 Ἴ

141 577 212 646 Quae
226 575 319 629 sidera
331 587 561 635 excantatavoce
576 578 715 632 Thessala
832 594 849 646 4
854 591 866 649 ς

175 660 339 728 Lunamque
352 661 424 714 coelo
438 661 546 731 deripit.

140 741 196 797 Hic
210 741 373 796 irresectum
387 760 462 798 saeva
475 744 560 798 dente
573 744 659 799 livido

103 872 150 882 ..-
174 825 295 882 Canidia
307 827 410 880 rodens
423 828 554 896 pollicem
568 847 611 882 :—

139 910 214 980 Quid
227 911 296 966 dixit
309 920 357 964 aut
370 911 438 981 quid
450 912 556 966 tacuit?
576 913 626 966 “O
640 913 722 967 rebus
736 907 806 967 meis

174 995 240 1047 Non
254 994 380 1048 infideles
393 995 514 1063 arbitrae,
836 1010 868 1065 50

139 1079 204 1130 Nox
217 1087 244 1131 et
259 1077 361 1145 Diana,
374 1094 437 1147 quae
450 1077 591 1133 silentium
608 1079 689 1148 regie,

172 1162 285 1216 Arcana
297 1178 384 1232 quum
396 1161 466 1216 fiunt
480 1178 568 1230 sacra,

139 1247 223 1298 Nunc
235 1261 310 1299 nunc
323 1245 429 1314 adeste,
442 1261 517 1300 nunc
531 1245 559 1299 in
571 1246 689 1300 hostiles
702 1245 802 1301 domos

177 1330 252 1382 Iram
265 1339 350 1398 atque
362 1345 467 1383 numen
480 1330 579 1383 vertite
592 1334 598 1386 l

139 1411 341 1465 Formidolosis
354 1411 422 1465 dum
435 1412 522 1465 latent
536 1412 612 1467 silvis
625 1413 691 1467 ferae
836 1428 866 1484 55

169 1494 258 1571 'Dulci
271 1511 371 1564 sopore
383 1494 532 1563 languidae,

139 1579 250 1645 Senem,
263 1577 339 1648 quod
353 1594 450 1631 omnes
464 1577 582 1644 rideant,
595 1579 753 1635 adulterum

174 1663 287 1715 Latrent
302 1661 457 1715 Suburanae
469 1677 554 1714 canes
776 1666 778 1668 ’

139 1744 238 1798 Nardo
250 1753 424 1813 perunctum,
438 1745 520 1814 quale
532 1760 589 1798 non
603 1745 752 1814 perfectius

104 1879 109 1888 ,
174 1828 249 1881 Meae
262 1827 414 1881 laborarint
431 1833 576 1881 manus—
832 1831 868 1885 60

139 1909 215 1980 Quid
228 1909 353 1964 accidit?
372 1911 429 1964 Cur
441 1910 502 1966 dira
515 1911 643 1966 barbarae
656 1911 748 1983 minus

171 1995 290 2048 Venena
304 1995 416 2049 Medeae
429 1995 545 2050 valent?

138 2076 245 2146 Quibus
259 2078 409 2146 superbam
421 2077 491 2146 fugit
504 2078 563 2133 ulta
575 2078 712 2148 pellicem,

135 2229 136 2232 Ἰ
173 2159 271 2228 Magni
285 2160 413 2214 Creontis
427 2160 522 2228 filiam,

136 2244 231 2313 ‘Quum
244 2243 328 2312 palla,
341 2243 408 2296 tabo
420 2260 521 2297 munus
535 2243 681 2311 imbutum,
694 2259 797 2298 novam
831 2244 864 2312 65

173 2325 308 2380 Incendio
321 2335 438 2395 nuptam
451 2326 572 2381 abstulit.

135 2408 221 2478 Atqui
234 2425 286 2463 nec
299 2408 387 2462 herba
399 2424 451 2461 nec
464 2409 555 2462 latens
569 2408 597 2463 in
609 2409 717 2479 asperis

172 2491 264 2545 Radix
276 2490 373 2545 fefellit
387 2508 433 2545 me
446 2491 523 2545 loeis.

137 2575 274 2630 Indormit
287 2574 378 2629 unctis
392 2575 518 2629 omnium
532 2574 670 2630 cubilibus

172 2658 320 2713 Oblivione
334 2659 472 2728 pellicum.
831 2673 866 2726 70

133 2731 229 2818 Aliah
244 2744 249 2795 l
270 2744 376 2796 solutus
390 2743 514 2797 ambulat
528 2742 660 2796 veneficae

171 2826 334 2880 Scientioris
348 2826 479 2880 carmine.
