1980 3180
302 278 480 333 EPODON
501 280 633 335 LIBER.
833 296 864 336 11

138 418 239 487 Neque
251 417 297 472 hic
310 418 382 489 lupis
395 437 457 475 mos
470 437 522 475 nec
534 422 585 477 fuit
598 423 726 478 leonibus
748 445 751 450 ·

174 501 309 571 Unquam
321 501 375 556 nisi
388 503 416 557 in
431 503 527 574 dispar
538 505 611 560 seris.

137 584 263 639 Furome
275 601 375 654 caecus,
389 603 425 641 an
438 589 510 658 rapit
524 588 565 641 vis
579 589 688 644 acrior?

171 668 217 720 An
231 669 333 738 culpa?
351 671 531 741 Responsum
544 672 610 726 date
624 676 666 726 !—

137 752 253 820 Tacent,
268 762 294 806 et
308 754 388 808 albus
401 771 450 809 ora
462 757 551 825 pallor
563 757 659 823 inficit,
834 769 864 827 15

174 838 342 908 Montesque
355 839 492 908 perculsae
505 850 625 910 stupent.

41 995 44 1001 Ι
138 920 185 975 Sic
198 915 240 976 es't
253 940 258 976 :
278 923 381 976 acerba
393 923 451 978 sata
464 925 609 979 Romanos
622 935 708 994 agunt

174 1007 326 1077 Scelusque
336 1007 467 1063 fraternae
479 1008 566 1075 necis,

48 1155 54 1163 „
138 1089 179 1142 Ut
192 1088 365 1145 immerentis
378 1091 455 1145 fluxit
469 1091 497 1145 in
510 1101 613 1146 terram
624 1090 706 1146 Remi

174 1173 260 1227 Sacer
271 1174 421 1243 nepotibus
434 1190 522 1228 cruor.

140 1754 278 1822 QUANDO
291 1755 434 1824 repostum
447 1754 600 1808 Caecubum
613 1754 651 1808 ad
662 1754 749 1808 festas
758 1754 847 1824 dapes

173 1837 287 1892 Victore
300 1838 379 1891 laetus
394 1839 506 1891 Caesare

138 1921 245 1975 Tecum
259 1921 311 1974 sub
324 1921 390 1988 alta,
403 1920 443 1973 sic
456 1919 518 1989 Jovi
532 1929 651 1987 gratum,
665 1920 758 1989 domo,

174 2005 261 2059 Beate
276 2006 428 2072 Maecenas,
442 2002 547 2069 bibam,

139 2090 263 2143 Sonante
276 2089 393 2143 mixtum
406 2087 483 2141 tibiis
496 2103 610 2141 carmen
623 2087 691 2156 lyra,
851 2100 865 2157 5

176 2175 240 2226 Hac
255 2171 383 2239 Don'um,
398 2169 451 2224 illis
464 2170 637 2225 barbarum?

139 2260 181 2313 Ut
195 2275 292 2328 nuper,
305 2267 385 2312 actus
400 2273 486 2327 quum
498 2257 569 2311 freto
582 2255 741 2326 Neptunius

174 2344 239 2396 Dux
251 2342 320 2410 sugit
333 2341 402 2396 ustis
416 2341 543 2408 navibus,

139 2429 263 2483 Minatus
275 2429 348 2483 Urbi
361 2429 461 2495 vincla,
476 2444 538 2498 quae
551 2426 708 2480 detraxerat

174 2513 267 2566 Servis
282 2512 388 2566 amicus
404 2511 525 2582 perfidis.
835 2522 868 2559 ro

76 2624 79 2629 ·
141 2596 295 2662 Romanus,
309 2596 389 2662 eheu,
399 2595 503 2664 posteri
517 2591 666 2661 negabitis,

173 2679 376 2749 Emancipatus
389 2679 510 2746 feminae,

138 2762 203 2816 Fert
216 2764 320 2817 vallum
334 2773 361 2816 et
374 2779 453 2815 arma
466 2760 555 2827 miles,
570 2769 596 2813 et
611 2757 783 2828 spadonibus

174 2846 283 2902 Servire
297 2846 407 2919 rugosis
419 2853 539 2919 potest,
