1980 3180
67 238 99 290 14
255 184 496 292 ononnrrr
517 219 669 276 Frnccl

66 367 99 419 In
113 363 175 434 quis
189 371 333 439 amantem
346 362 463 431 languor
476 371 503 415 et
517 361 660 417 silentium

72 461 77 468 ·
99 446 199 517 Arguit
212 456 240 501 et
253 447 340 500 latere
353 444 456 514 petitus
471 443 527 498 imo
540 445 660 514 spiritus.
833 461 867 501 10

65 530 207 584 Contrane
220 530 328 583 lucrum
342 527 380 581 nil
393 528 486 581 valere
499 528 651 583 candidum
805 525 811 539 ⁸

102 612 235 683 Pauperis
249 611 412 680 ingenium?
430 611 569 681 querebar
582 612 734 682 applorans
747 611 796 667 tibi
809 629 818 682 ;

67 697 155 752 Simul
168 697 285 751 calentis
299 697 503 752 inverecundus
519 698 597 751 Deus

102 780 264 836 Fervidiore
277 797 355 835 mero
368 798 472 835 arcana
485 783 629 851 promorat
642 782 712 835 loco.

67 863 151 935 Qubd
163 863 187 918 si
199 864 270 918 meis
284 863 414 919 inaestuet
426 864 589 935 praecordiis
835 875 864 933 15

103 947 204 1002 Libera
216 946 288 1013 bilis,
302 955 332 1000 ut
344 946 406 1000 haec
419 946 529 1016 ingrata
541 945 632 1000 ventis
641 945 748 1001 dividat

67 1033 205 1085 Fomenta
216 1030 316 1083 vulnus
328 1029 368 1084 nil
380 1030 486 1084 malum
498 1029 629 1098 levantia,

103 1113 221 1168 Desinet
234 1111 389 1183 imparibus
402 1121 508 1167 certare
522 1121 678 1166 summotus
691 1113 788 1182 pudor.

68 1196 126 1250 Ubi
139 1197 200 1251 haec
213 1213 326 1251 severus
338 1205 367 1250 te
379 1197 474 1266 palam
486 1195 675 1261 laudaveram,

101 1280 201 1348 Jussus
214 1279 292 1336 abire
305 1280 421 1334 domum
434 1279 544 1334 ferebar
556 1279 663 1332 incerto
675 1278 748 1349 pede
833 1293 869 1333 20

67 1350 114 1416 Ad
125 1378 183 1416 non
196 1361 381 1428 a111icos,heu
395 1365 400 1415 l
420 1361 489 1415 mihi
503 1371 599 1431 postes
613 1371 640 1415 et
653 1361 708 1416 heu
722 1364 727 1415 !

104 1442 215 1498 Limina
228 1443 307 1511 dura,
321 1443 423 1513 quibus
437 1443 547 1497 lumbos
562 1453 589 1497 et
603 1443 701 1513 infregi
716 1444 795 1499 latus.

69 1527 153 1580 Nunc
165 1525 311 1596 gloriantis
325 1525 478 1595 quamlibet
491 1525 683 1582 mulierculam

103 1609 223 1664 Vincere
236 1607 352 1664 mollitie
365 1624 446 1662 amor
460 1609 568 1677 Lycisci
581 1626 628 1664 me
640 1619 717 1665 tenet
728 1626 737 1679 ;

69 1692 155 1748 Unde
168 1692 299 1764 expedire
312 1709 369 1747 non
389 1692 544 1747 amicorum
557 1704 661 1764 queant
834 1704 868 1762 25

105 1776 207 1832 Libera
219 1776 337 1831 consilia
349 1793 402 1830 nec
415 1777 592 1833 contumeliae
604 1795 713 1847 graves,

70 1859 126 1916 Sed
141 1859 211 1914 alius
225 1859 309 1914 ardor
321 1869 369 1913 aut
382 1860 483 1929 puellae
496 1859 627 1915 candidae

105 1944 161 1997 Aut
173 1941 269 1997 teretis
282 1941 360 2013 pueri
375 1943 489 2010 longam
501 1942 664 1999 renodantis
677 1959 796 1999 comam.
856 2000 864 2019 Ι

72 2523 225 2576 Hormina
237 2528 392 2589 tempestas
406 2521 506 2574 coelum
521 2519 666 2588 contraxit,
680 2530 708 2575 et
720 2521 824 2578 imbres

108 2604 252 2673 Nivesque
262 2603 403 2657 deducunt
412 2605 526 2672 Jovem;
537 2621 612 2658 nunc
620 2621 785 2672 mare,nunc
796 2606 874 2663 silure

72 2688 204 2743 Threicio
217 2689 357 2759 Aquilone
372 2698 480 2742 sonant.
520 2689 685 2759 Rapiamus,
697 2690 790 2759 amici,

107 2771 297 2826 Occasionem
311 2771 347 2824 de
359 2770 413 2838 die,
427 2771 550 2842 dumque
563 2772 654 2827 virent
666 2790 759 2844 genua
