1980 3180
299 251 477 307 EPODON
496 248 630 306 LIBER.
789 299 794 309 .
827 265 858 310 21

134 393 240 449 Cruore
252 394 350 448 rubros
365 392 500 449 obstetrix
512 410 622 465 pannos
634 394 710 462 lavit,

134 467 296 548 Utcumque
308 476 387 531 fortis
401 477 495 532 exsilis
508 494 653 549 puerpera

170 561 238 616 Can.
277 558 353 631 Quid
365 561 504 616 obseratis
517 561 631 616 auribus
641 560 735 618 fundis
744 564 862 634 preces?

79 685 83 690 .
135 647 201 700 Non
214 661 282 700 saxa
294 644 377 699 nudis
390 645 518 700 surdiora
530 644 632 701 navitis

136 733 286 801 Neptunus
299 730 358 784 alto
369 729 461 784 tundit
474 729 609 786 hibernus
622 730 683 786 salo
830 745 842 799 5
847 744 860 799 5

137 815 246 869 inultus
260 822 290 868 ut
302 821 333 867 tu
346 813 440 868 riseris
454 813 580 883 Cotyttia

134 897 264 966 Vulgata,
280 913 391 951 sacrum
404 895 484 951 liberi
499 895 655 966 Cupidinis,

135 979 172 1034 Et
186 979 324 1049 Esquilini
339 979 464 1049 pontifex
476 979 594 1034 venefici

136 1064 254 1132 Impune
267 1071 297 1117 ut
311 1063 421 1117 Urbem
433 1062 548 1117 nomine
562 1060 686 1133 impleris
699 1061 784 1116 meo?

135 1144 211 1215 Quid
223 1144 355 1215 proderat
368 1145 474 1200 ditasse
488 1145 619 1214 Pelignus
633 1151 713 1212 anus,
827 1146 862 1198 60
880 1171 884 1179 ·

133 1228 301 1283 Velociusve
313 1228 460 1283 miscuisse
472 1228 617 1282 toxicum?

135 1311 193 1366 Sed
205 1311 330 1367 tardiora
341 1312 400 1365 sata
412 1320 440 1366 te
453 1310 525 1366 votis
539 1319 673 1364 manent:

136 1397 251 1465 Ingrata
263 1394 368 1450 misero
380 1395 438 1449 vita
451 1394 581 1449 ducenda
594 1402 637 1448 est
651 1393 679 1448 in
693 1392 756 1462 hoc,

135 1478 225 1533 Novis
238 1488 268 1533 ut
280 1493 369 1550 usque
382 1487 515 1548 suppetas
528 1477 680 1534 laboribus.

135 1562 223 1632 Optat
236 1560 360 1631 quietem
375 1560 485 1630 Pelopis
499 1560 578 1615 infidi
591 1570 672 1631 pater
758 1569 762 1575 “
827 1561 859 1629 65

34 1709 37 1713 v
134 1644 231 1713 Egens
244 1643 374 1713 benignae
388 1644 525 1699 Tantalus
539 1661 651 1714 semper
664 1642 755 1717 dapis,

135 1727 223 1795 Optat
237 1723 425 1783 Prometheus
433 1726 573 1796 obligatus
587 1726 655 1794 aliti,

135 1811 223 1878 Optat
236 1825 367 1878 supremo
379 1809 518 1864 collocare
531 1808 671 1880 Sisyphus

136 1893 169 1945 ln
181 1901 277 1946 monte
290 1909 387 1946 saxum
397 1909 406 1960 ;
425 1891 476 1947 sed
488 1902 584 1947 vetant
597 1893 673 1962 leges
685 1890 762 1962 Jovis

133 1974 219 2029 Voles
232 1973 318 2029 modo
330 1974 394 2029 altis
407 1974 519 2029 desilire
532 1974 662 2044 turribus,
826 1989 861 2042 70

134 2056 224 2112 Modo
236 2074 304 2112 ense
317 2067 415 2128 pectus
429 2057 536 2112 Norico
549 2058 700 2125 recludere,

133 2142 156 2194 F
158 2150 304 2212 rustraque
316 2140 408 2194 vincla
420 2140 524 2210 gutturi
537 2151 634 2196 nectes
646 2152 695 2196 tuo

134 2224 294 2280 Fastidiose
305 2223 392 2279 tristis
405 2224 576 2293 aegrimonia.

132 2310 275 2364 Vectabor
287 2306 411 2362 humeris
424 2317 491 2361 tunc
504 2325 557 2376 ego
570 2306 691 2362 inimicis
704 2325 799 2380 eques,

134 2393 264 2462 Meaeque
277 2400 352 2446 terra
365 2390 446 2445 cedet
460 2390 625 2445 insolentiae.
822 2404 854 2459 75

131 2475 177 2528 An
190 2492 253 2546 quae
266 2491 379 2529 movere
392 2490 487 2528 cereas
500 2473 646 2543 imagines,

133 2559 173 2612 Ut
187 2557 247 2628 ipse
260 2556 334 2610 ndsti
348 2556 481 2624 curiosus,
495 2566 523 2611 et
536 2557 601 2625 polo

133 2640 268 2710 Deripere
284 2641 391 2694 Lunam
405 2639 521 2692 vocibus
534 2637 642 2709 possim
654 2636 734 2704 meis,

131 2723 241 2778 Possim
256 2734 400 2780 crematos
413 2723 542 2780 excitare
551 2730 689 2775 mortuos

124 2809 325 2886 Desiderique
338 2823 515 2886 temperare
525 2806 652 2880 pocula,

118 2894 242 2957 Plorem
260 2902 339 2960 artis
355 2901 388 2959 in
400 2910 439 2958 te
451 2899 499 2956 nil
513 2889 640 2967 agentis
653 2870 779 2938 eristi&

874 2781 920 2822 ‘ism
