1980 3180
251 271 428 328 EPODON
444 271 577 327 amaa.
765 242 815 344 '19

86 417 152 472 Non
165 415 220 470 huc
235 414 344 470 Sidonii
357 423 497 468 torserunt
511 431 617 469 cornua
628 424 731 484 nautae,

120 499 275 582 Laboriosa
287 516 340 554 nec
353 500 455 553 cohors
469 498 571 554 Ulixei.
778 499 814 554 60

84 585 171 639 Nulla
182 592 285 638 nocent
298 582 392 653 pecori
406 583 545 652 contagia,
558 582 661 638 nullius
674 582 754 639 astriv

119 670 243 737 Gregem
256 676 379 722 aestuosa
389 675 476 721 torret
489 664 663 736 impotentia.

82 750 190 821 Jupiter
204 751 251 804 illa
264 749 319 819 piae
332 749 451 807 secrevit
463 749 546 804 litora
558 749 654 819 genti„
693 818 697 823 ι

118 836 158 890 Ut
172 833 328 904 inquinavit
342 850 397 888 aere
410 842 521 902 tempus
535 848 670 902 aureum;

82 919 158 986 AEre‚
172 917 275 972 dehinc
288 916 361 971 serro
375 916 484 972 duravit
498 918 610 974 secula:
630 934 748 990 quorum
776 918 808 988 65

120 1001 176 1056 Piis
190 1001 322 1068 secunda,
336 1009 400 1054 vate
413 1017 468 1068 me,
482 1001 564 1056 datur
574 1002 647 1072 fuga.

54 1112 97 1185 f
361 1133 458 1186 xvu.

81 1241 144 1310 JAM
154 1239 215 1310 jam
228 1239 334 1294 efficaci
349 1239 386 1292 do
399 1245 500 1293 manus
513 1239 647 1309 scientiae,

83 1324 206 1394 Supplex
218 1333 245 1378 et
258 1340 308 1378 oro
320 1339 408 1392 regna
419 1340 470 1393 per
483 1324 666 1393 Proserpinae,

82 1408 136 1462 Per
148 1416 176 1462 et
190 1397 293 1461 Dianae
305 1423 362 1461 non
376 1406 517 1460 movenda
529 1406 653 1476 numina,

82 1491 136 1545 Per
148 1501 232 1561 atque
244 1490 330 1545 libros
344 1490 499 1544 carminum
512 1490 666 1546 valentium

80 1575 180 1630 Refixa
192 1575 265 1630 coeio
277 1574 414 1629 devocare
427 1574 527 1643 sidera,

81 1659 208 1727 Canidia,
222 1675 305 1729 parce
318 1658 434 1713 vocibus
447 1659 563 1713 tandem
576 1659 664 1714 sacris

81 1743 230 1813 Citumque
243 1750 318 1796 retro
331 1742 417 1809 solve,
430 1742 515 1809 solve,
527 1742 675 1797 turbinem.

81 1827 171 1882 Movit
184 1836 317 1896 nepotem
330 1826 472 1895 Telephus
487 1821 631 1894 Nereium,

81 1913 115 1964 In
128 1927 212 1981 quem
226 1910 361 1979 superbus
375 1908 516 1963 ordinarat
530 1908 644 1977 agmina

31 2042 32 2045 ,
81 1995 227 2062 Mysorum
240 2002 267 2047 et
281 1993 309 2046 in
324 2008 407 2062 quem
420 1993 477 2046 tela
490 2000 572 2046 acuta
584 2001 711 2047 torserat.
773 2008 805 2045 10

80 2078 194 2132 Unxere
207 2085 311 2130 matres
327 2076 387 2130 Iliae
399 2076 543 2129 addictum
556 2074 621 2130 seris

78 2160 200 2214 Alitibus
213 2168 297 2229 atque
310 2159 427 2213 canibus
440 2159 613 2214 homicidam
627 2161 788 2229 Hectorem,

81 2243 243 2312 Postquam,
256 2242 359 2296 relictis
373 2243 522 2310 moenibus,
536 2259 583 2296 rex
595 2243 715 2313 procidit

80 2327 146 2380 Heu
158 2325 311 2395 pervicacis
325 2325 362 2378 ad
374 2326 461 2394 pedes
474 2325 602 2380 Achillei.

80 2408 181 2462 Setosa
194 2406 270 2460 duris
284 2423 383 2460 exuere
397 2407 516 2475 pellibus
774 2419 803 2474 15

82 2489 227 2544 Laboriosi
241 2489 361 2558 remiges
376 2489 478 2556 Ulixei,

78 2575 199 2628 Volente
213 2572 302 2639 Circa,
315 2573 461 2640 membra;
479 2581 546 2626 tunc
559 2588 639 2626 mens
653 2581 679 2626 et
693 2589 778 2627 sonus

79 2657 219 2726 Relapsus
233 2666 317 2728 atque
330 2666 412 2710 notus
427 2655 456 2709 in
468 2656 564 2710 vuitus
573 2656 680 2708 immor.

76 2740 153 2795 Dedi
166 2741 236 2798 satis
252 2743 399 2818 superque
410 2757 577 2816 pennarum
583 2738 659 2803 tuti,

65 2825 177 2885 Amata
191 2831 292 2890 nautis
305 2832 445 2890 muitum
456 2841 490 2888 et
500 2822 719 2885 insumemus..

410 2931 428 2966 C
438 2933 454 2961 2

839 2805 883 2842 '20
