1980 3180
66 220 100 273 24
244 203 425 261 CARMEN
446 204 669 261 SECULARE.

139 348 282 417 lmpetret‚
296 347 419 402 bellante
431 346 515 416 prior,
526 346 668 416 jacentem

210 431 293 485 Lenis
306 431 335 487 in
348 431 467 485 hostem.

136 515 201 583 Jam
213 512 283 566 mari
297 519 425 583 terraque
439 519 538 566 manus
552 520 682 582 potentes

139 596 241 650 Medus
254 596 436 667 Albanasque
448 595 528 650 timet
542 611 654 650 secures
665 611 673 662 3

136 680 200 748 Jam
216 678 328 746 Scythae
342 695 479 748 responsa
491 687 590 748 petunt
603 676 716 748 superbi

209 763 308 830 Nuper
319 770 347 815 et
363 761 434 816 Indi.

136 846 200 914 Jam
215 843 300 898 Fides
314 852 340 898 et
355 846 413 898 Pax
426 853 453 899 et
468 846 569 899 Honos
585 844 733 915 Pudorque

30 948 37 955 ·
138 927 250 981 Priscus
263 937 290 982 et
304 928 433 996 neglecta
446 928 536 982 redire
550 928 645 982 Virtus

137 1010 240 1078 Audet,
253 1019 425 1080 apparetque
439 1012 523 1066 beata
535 1010 618 1080 pleno

210 1093 300 1163 Copia
312 1111 407 1148 comu.

137 1178 235 1246 Augur
248 1186 275 1230 et
288 1176 412 1247 fulgente
426 1176 544 1231 decorus
558 1194 624 1231 arcu

140 1262 265 1316 Phoebus
279 1272 467 1333 acceptusque
481 1278 580 1315 novem
595 1259 733 1327 Camenis,

140 1345 194 1414 Qui
208 1346 321 1400 salutari
334 1347 407 1400 levat
421 1355 481 1400 arte
493 1344 583 1400 sessos

59 1430 64 1436 '
210 1429 342 1498 Corporis
355 1435 440 1495 artus,

141 1512 170 1566 Si
185 1512 328 1566 Palatinas
341 1511 417 1566 videt
430 1528 527 1582 aequus
541 1527 629 1580 arces,

141 1597 271 1666 Remque
284 1597 443 1649 Romanam
458 1595 624 1666 Latiumque
637 1595 702 1650 felix

138 1679 266 1733 Alterum
278 1677 306 1731 in
320 1678 438 1732 lustrum
451 1677 607 1749 meliusque
621 1696 734 1750 semper

211 1763 345 1831 Proroget
358 1779 457 1817 aevum.

141 1846 267 1916 Quaeque
280 1845 452 1900 Aventinum
465 1854 541 1901 tenet
554 1845 752 1917 Algidumque,

142 1928 310 1997 Quindecim
325 1928 419 1984 Diana
432 1945 530 2000 preces
544 1928 667 1984 virorum

140 2013 224 2067 Curet
237 2021 265 2067 et
278 2012 350 2066 votis
363 2029 512 2083 puerorum
527 2012 633 2068 amicas

209 2094 339 2163 Applicet
352 2111 440 2148 aures.

141 2178 213 2230 Haec
226 2179 325 2246 Jovem
339 2177 442 2231 sentire
459 2179 594 2248 Deosque
607 2188 732 2244 cunctos,

141 2261 226 2329 Spem
239 2260 345 2313 bonam
358 2271 520 2331 certamque
534 2263 651 2316 domum
664 2272 783 2333 reporto,

141 2344 249 2398 Doctus
263 2352 290 2397 et
306 2343 405 2398 Phoebi
420 2344 521 2398 chorus
535 2354 563 2400 et
577 2345 679 2400 Dianae

211 2426 313 2482 Dicere
326 2427 430 2482 laudes.
