1980 3180
321 227 498 284 EPODON
520 228 653 283 LIBER.
856 245 888 299 13

159 367 249 438 Niger
261 368 394 424 rudentes
409 370 501 424 Eurus
515 370 626 424 inverso
639 370 709 424 mari
765 421 767 424 .
874 384 887 439 5

193 453 216 504 F
218 461 366 523 ractosque
380 470 472 508 remos
487 452 603 508 differat.

145 537 288 606 ·lnsurgat
299 538 411 607 Aquilo,
425 547 547 607 quantus
562 537 625 592 altis
639 537 781 592 montibus

193 621 308 691 Frangit
322 631 474 677 trementes
488 621 573 676 ilices.

158 705 220 759 Nec
233 706 311 761 sidus
324 712 386 760 atra
397 716 480 762 nocte
493 706 616 760 amicum
630 715 772 776 appareat,

194 791 257 858 Qua
269 789 355 845 tristis
370 790 459 844 Orion
473 790 547 844 cadit
562 807 567 843 :
857 808 889 845 1o

159 872 303 942 Quietiore
316 891 368 928 nec
381 874 486 927 feratur
499 889 619 943 aequore,

193 957 286 1026 Quem
300 957 387 1012 Graia
399 956 535 1010 victorum
549 973 658 1024 manus,

157 1040 252 1110 Quum
265 1041 357 1094 Pallas
370 1049 434 1094 usto
447 1040 528 1095 vertit
541 1040 611 1094 iram
625 1041 661 1094 ab
676 1040 728 1095 Ilio

193 1124 227 1177 In
240 1123 356 1193 impiam
368 1124 465 1195 Ajacis
478 1133 575 1178 ratem.

158 1207 183 1261 Ο
197 1217 317 1278 quantus
331 1207 417 1263 instat
429 1207 532 1261 navitis
545 1208 631 1261 sudor
644 1207 698 1262 tuis
856 1221 886 1278 15

56 1282 62 1288 ’
193 1290 314 1361 Tibique
326 1291 416 1361 pallor
429 1292 528 1358 luteus

158 1375 195 1427 Et
209 1373 256 1427 illa
268 1390 324 1427 non
338 1373 424 1428 virilis
437 1374 559 1443 ejulatio,

193 1457 294 1510 Preces
307 1465 335 1510 et
348 1472 477 1510 auersum
491 1457 528 1511 ad
540 1458 649 1526 lovem,

160 1538 254 1593 Ionius
267 1539 323 1593 udo
334 1555 420 1608 quum
433 1540 593 1610 remugiens
607 1540 684 1594 sinus

193 1622 270 1676 Noto
283 1621 408 1676 carinam
421 1623 525 1692 ruperit
539 1626 544 1676 !

157 1703 261 1773 Opima
274 1703 349 1774 qubd
360 1705 383 1759 si
396 1707 494 1776 praeda
506 1723 590 1761 curvo
603 1707 683 1761 litore

193 1786 325 1844 Porrecta
337 1806 449 1859 mergos
459 1790 573 1859 juveris,

158 1870 337 1925 Libidinosus
351 1871 541 1927 immolabitur
554 1889 638 1942 caper

192 1959 230 2012 Et
243 1974 317 2026 agna
331 1956 566 2027 Tempestatibus.

461 2106 512 2159 XI.

70 2136 189 2280 Gom,
203 2212 271 2267 nihil
285 2229 331 2266 me
344 2213 415 2268 sicut
428 2214 512 2268 antea
522 2214 600 2281 juvat

122 2295 250 2351 Scribere
263 2297 423 2366 versiculos,
437 2315 532 2352 amore
545 2312 708 2368 percussum
722 2292 807 2364 gravi,

85 2379 199 2447 Amore,
212 2380 259 2450 qui
272 2396 318 2433 me
331 2391 433 2450 praeter
445 2398 543 2435 omnes
557 2379 660 2450 expetit

123 2462 256 2516 Mollibus
270 2463 298 2515 in
312 2463 404 2532 pueris
418 2473 465 2517 aut
479 2464 507 2518 in
520 2463 618 2534 puellis
632 2477 718 2515 urere.

87 2546 144 2600 Hic
156 2546 253 2601 tertius
268 2549 435 2616 December,
449 2566 482 2602 ex
495 2565 550 2618 quo
564 2547 658 2601 destiti
871 2557 884 2613 5

123 2629 240 2683 Inachia
252 2630 350 2699 furere,
366 2631 442 2684 silvis
455 2632 592 2685 honorem
605 2629 717 2683 decutit.

87 2711 152 2767 Heu
165 2730 218 2782 me,
232 2731 282 2782 per
294 2715 401 2780 urbem,
415 2732 481 2767 nam
495 2715 580 2784 pudet
594 2713 664 2767 tanti
679 2711 754 2777 mali,

122 2794 230 2850 Fabula
242 2806 348 2866 quanta
361 2797 400 2850 fui
414 2799 420 2850 l
459 2796 655 2850 Conviviorum
669 2805 696 2849 et
713 2795 830 2865 poenitet
