1980 3180
67 285 102 323 20

263 270 295 341 Q.
322 271 503 326 HORATII
520 271 671 328 FLACCI

139 411 222 481 Fugit
233 411 373 482 juventas,
388 423 415 468 et
429 414 604 469 verecundus
618 414 695 468 color

138 495 261 566 Reliquit
275 513 341 551 ossa
353 497 426 566 pelle
440 497 545 551 amicta
558 497 666 563 lurida;

139 578 208 633 Tuis
221 579 338 649 capillus
352 580 433 634 albus
448 589 491 635 est
504 580 648 648 odoribus,

139 662 256 715 Nullum
269 663 305 716 ab
318 663 413 718 labore
427 680 473 718 me
487 664 602 718 reclinat
615 663 723 734 otium;

139 746 229 813 Urget
242 745 317 799 diem
330 763 385 800 nox
398 755 425 800 et
440 746 500 801 dies
513 756 635 814 noctem,
648 763 741 819 neque
753 757 796 803 est
833 764 848 802 2
853 761 866 818 5

139 827 244 880 Levare
258 836 335 881 tenta
349 827 447 898 spiritu
461 828 624 897 praecordia

139 908 216 979 Ergo
229 919 362 980 negatum
375 911 473 965 vincor
485 921 515 965 ut
528 911 641 966 credam
655 911 748 982 miser,

139 992 252 1046 Sabella
265 1002 364 1062 pectus
378 993 523 1063 increpare
537 994 664 1049 carmina
714 1037 721 1046 .

139 1076 286 1147 Caputque
301 1078 399 1131 Marsa
412 1076 532 1131 dissilire
547 1077 640 1132 nenia.

138 1160 214 1230 Quid
226 1159 346 1230 amplius
360 1159 422 1215 vis?
459 1161 484 1214 0
498 1176 585 1227 mare,
598 1177 615 1214 o
628 1169 710 1227 terra,
724 1162 817 1231 ardeo,
832 1177 867 1232 30

138 1243 282 1313 Quantum
295 1260 387 1313 neque
400 1252 461 1297 atro
475 1242 616 1297 delibutus
631 1244 769 1299 Hercules

138 1326 224 1380 Nessi
238 1342 343 1394 cruore,
356 1342 409 1379 nec
424 1325 527 1380 Sicana
539 1324 646 1380 fervida

137 1409 245 1463 Furens
259 1408 288 1462 in
302 1409 390 1462 AEtna
402 1408 537 1476 flamma;
555 1417 594 1478 tu,
608 1409 700 1464 donec
713 1409 784 1464 cinis

138 1491 283 1561 Injuriosis
297 1490 392 1545 aridus
405 1491 496 1546 ventis
509 1492 590 1559 ferar,

137 1575 220 1629 Cales
232 1574 350 1629 venenis
363 1575 476 1629 officina
489 1574 637 1629 Colchicis
829 1592 845 1646 3
849 1591 863 1648 ς

136 1658 208 1727 Quae
221 1657 285 1712 finis
299 1666 347 1711 aut
360 1657 436 1727 quod
448 1673 494 1710 me
507 1666 602 1711 manet
616 1657 808 1727 stipendium?

136 1740 249 1796 Effare:
265 1740 360 1811 jussas
373 1756 438 1795 curn
452 1740 507 1794 fide
520 1756 620 1810 poenas
634 1742 718 1808 luam,

135 1823 253 1878 Paratus
266 1822 388 1893 expiare,
402 1839 451 1876 seu
465 1823 628 1892 poposceris

135 1907 257 1962 Centum
265 1907 410 1977 juvencos,
425 1905 483 1960 sive
496 1905 626 1960 mendaci
640 1907 700 1976 lyra

134 1991 220 2044 Voles
234 1989 345 2044 sonari:
365 1999 396 2043 tu
408 1988 520 2058 pudica,
533 1997 563 2043 tu
575 1990 666 2058 proba
826 2005 863 2060 40

133 2071 347 2125 Perambulabis
361 2080 437 2125 astra
450 2071 527 2126 sidus
541 2088 664 2127 aureum.

135 2152 252 2207 Infamis
267 2153 385 2208 Helenae
399 2154 501 2207 Castor
513 2153 636 2208 offensus
649 2154 750 2224 vicem,

133 2236 287 2307 Fraterque
299 2235 395 2304 magni
410 2235 544 2303 Castoris,
557 2236 623 2290 victr
636 2253 720 2306 prece

109 2343 112 2348 ¹
131 2318 273 2388 Adempta
285 2318 342 2372 vati
355 2317 503 2372 reddidere
515 2317 630 2372 lumina

132 2404 169 2457 Et
181 2412 219 2470 tu,
233 2412 314 2472 potes
326 2419 401 2470 nam,
416 2402 493 2456 solve
506 2417 553 2455 me
566 2401 717 2472 dementia,
824 2417 859 2477 43

131 2487 157 2540 0
170 2502 222 2540 nec
235 2485 361 2556 paternis
374 2485 503 2539 obsoleta
516 2485 655 2553 sordibus,

131 2571 232 2640 Neque
245 2569 274 2624 in
287 2568 441 2639 sepulchris
455 2585 611 2638 pauperum
622 2569 748 2638 prudens
760 2587 831 2626 anus

131 2652 322 2707 Novendiales
335 2652 473 2723 dissipare
485 2652 623 2721 pulveres.

118 2733 188 2786 Tibi
194 2735 343 2806 hospitale
353 2747 457 2809 pectus
471 2747 500 2793 et
512 2753 593 2810 purae
603 2753 718 2804 manus,

97 2811 243 2887 Tuusque
257 2833 364 2880 venter
378 2823 588 2894 Pactumeius,
598 2832 628 2879 et
638 2831 692 2877 tuo
842 2828 877 2885 ΒΟ
