1980 3180
68 289 99 327 12

259 271 290 342 Q.
318 245 500 326 HORATJJ
521 273 672 328 Frnccr

136 416 268 485 Interque
281 413 363 482 signa
377 421 457 482 turpe
470 414 603 468 militaria
833 431 863 487 15

171 497 219 552 Sol
232 495 352 565 adspicit
367 496 526 565 conopium.

133 581 171 634 At
184 581 238 636 hoc
251 579 411 647 frementes
424 589 565 634 verterunt
578 580 622 634 bis
636 581 712 637 mille
725 598 821 653 equos,

170 662 253 729 Galli,
267 673 401 717 canentes
415 663 568 731 Caesarem,

135 746 344 816 Hostiliumque
357 746 471 801 navium
484 758 567 817 portu
580 749 667 803 latent

98 879 134 890 ,κ
172 831 283 900 Puppes
296 829 486 884 sinistrorsum
499 831 571 885 citae.

137 915 170 968 Io
183 912 346 983 Triumphe,
359 923 389 966 tu
402 913 519 967 moraris
533 904 633 968 aureos
703 899 706 908 ¹

170 997 274 1051 Currus
287 1006 314 1050 et
327 996 447 1050 intactas
461 997 568 1051 boves?

136 1081 168 1133 lo
181 1078 343 1150 Triumphe,
356 1095 409 1133 nec
420 1078 588 1147 Jugurthino
600 1096 697 1149 parem

120 1164 123 1171 '
171 1163 251 1216 Bello
263 1161 411 1232 reportasti
425 1161 535 1230 ducem,

106 1292 109 1298 .
136 1247 237 1316 Neque
249 1244 422 1314 Africanum,
435 1245 479 1299 cui
494 1262 578 1314 super
591 1244 790 1315 Carthaginem
828 1259 860 1315 25

169 1329 265 1382 Virtus
278 1328 456 1397 sepulchrum
468 1328 601 1383 condidit.

135 1412 223 1464 Terra
234 1410 361 1480 marique
372 1411 462 1464 victus
474 1411 564 1465 hostis
579 1411 685 1466 Punico
736 1417 739 1423 '

172 1492 300 1562 Lugubre
313 1492 430 1547 mutavit
444 1510 551 1563 sagum.

134 1578 190 1631 Aut
204 1575 250 1630 ille
263 1585 376 1630 centum
389 1576 514 1632 nobilem
530 1579 643 1633 Cretam
656 1579 770 1634 urbibus

169 1658 269 1714 Ventis
282 1657 369 1713 iturus
383 1675 439 1712 non
453 1661 520 1728 suis,
827 1678 862 1729 30

134 1742 309 1797 Exercitatas
324 1750 371 1796 aut
384 1742 453 1812 petit
468 1744 564 1814 Syrtes
581 1745 608 1797 N
611 1753 666 1812 ot0‚

168 1826 224 1879 Aut
237 1825 323 1879 fertur
335 1824 441 1879 incerto
454 1825 532 1880 mari.

135 1908 303 1979 Capaciores
316 1909 385 1964 affer
397 1908 460 1977 hirc,
473 1926 550 1980 puer,
564 1911 685 1982 scyphos

169 1993 206 2046 Et
221 1992 292 2047 Chia
304 1992 370 2047 vina
381 2002 430 2047 aut
444 1993 554 2062 Lesbia,

132 2075 194 2142 Vel,
207 2076 284 2144 quod
295 2075 429 2130 fluentem
441 2093 576 2132 nauseam
590 2083 725 2146 coerceat,
828 2093 843 2146 3
847 2091 860 2148 5

169 2158 271 2212 Metire
283 2158 365 2212 nobis
380 2159 541 2214 Caecubum.

133 2242 236 2295 Curam
249 2249 411 2311 metumque
425 2243 546 2297 Caesaris
560 2259 651 2299 rerum
662 2243 741 2313 juvat

169 2323 252 2378 Dulci
267 2324 353 2393 Lyaeo
367 2325 481 2378 solvere.

445 2486 480 2539 X.

134 2593 228 2645 MALh
240 2592 332 2646 soluta
344 2593 424 2647 navis
437 2593 492 2648 exit
506 2593 572 2649 alite

168 2678 273 2732 Ferens
287 2679 410 2732 olentem
424 2678 566 2732 Maevium.

133 2763 174 2816 Ut
187 2761 308 2816 horridis
321 2772 470 2832 utrumque
483 2763 613 2816 verberes
626 2763 707 2829 latus,

160 2845 276 2914 Auster,
290 2855 436 2902 memento
449 2845 587 2902 fluctibus.
