1980 3180
66 269 85 323 6

260 265 292 335 Q.
320 263 500 317 HOR'ATII
524 264 675 317 FLACCI

141 408 218 463 Licet
230 405 367 477 superbus
380 405 508 466 ambules
521 405 648 473 pecunia,

175 491 299 544 Fortuna
311 504 369 542 non
384 497 474 542 mutat
488 503 584 556 genus.

141 573 272 639 Videsne,
288 573 403 641 Sacram
416 571 550 624 metiente
564 581 592 625 te
604 571 679 625 viam

176 657 247 710 Cum
261 655 303 709 bis
317 656 400 708 trium
414 655 542 708 ulnarum
556 661 630 723 toga,

141 742 181 795 Ut
194 757 244 794 ora
256 749 345 794 vertat
359 740 414 792 huc
428 747 455 791 et
468 739 523 791 huc
536 739 663 792 euntium

177 823 332 877 Liberrima
345 821 501 892 indignatio
513 824 524 876 ?

142 911 157 938 “
169 908 267 962 Sectus
281 906 399 976 flagellis
412 906 459 960 hic
472 905 691 960 triumviralibus

178 990 319 1046 Praeconis
333 991 369 1044 ad
382 990 525 1044 fastidium

140 1075 210 1129 Arat
224 1074 335 1128 Falerni
348 1073 424 1127 mille
437 1073 515 1127 fundi
526 1074 626 1143 jugera

178 1158 215 1211 Et
228 1155 351 1227 Appiam
364 1155 476 1209 mannis
489 1155 561 1224 terit,

145 1240 340 1310 sedilibusque
349 1256 468 1309 magnus
482 1238 510 1292 in
523 1238 621 1308 primis
634 1224 729 1309 eques,
842 1250 871 1307 15

179 1325 292 1380 Othone
306 1334 475 1392 contempto,
489 1322 587 1376 sedet!

145 1408 220 1479 Quid
233 1407 332 1462 attinet
345 1416 386 1460 tot
399 1423 448 1459 ora
460 1405 575 1459 navium
587 1405 665 1474 gravi

179 1492 313 1544 Rostrata
328 1487 392 1542 duci
405 1487 529 1557 pondere
571 1513 574 1518 ·

145 1575 250 1627 Contra
261 1573 383 1627 latrones
396 1580 481 1640 atque
494 1571 623 1625 servilem
636 1586 760 1639 manum,

181 1655 254 1722 Hoc,
266 1654 321 1707 hoc
334 1652 445 1706 tribuno
458 1652 578 1707 militum
588 1655 617 1707 ?''
839 1669 874 1708 20

140 1806 167 1871 ,s
453 1813 486 1865 V.

145 1924 160 1954 “
170 1922 223 1990 AT,
237 1938 254 1974 o
268 1922 393 1974 Deomm
407 1919 543 1991 quidquid
557 1921 584 1975 in
599 1922 671 1976 coelo
684 1922 754 1991 regit

179 2007 281 2058 Terras
295 2013 322 2057 et
335 2004 490 2058 humanum
503 2021 600 2074 genus,

146 2087 220 2158 Quid
234 2087 287 2140 iste
299 2087 351 2140 sert
364 2087 522 2141 tumultus?
540 2099 587 2143 aut
602 2089 670 2160 quid
683 2088 807 2144 omnium

180 2170 280 2223 Vultus
295 2169 420 2223 inunum
433 2187 479 2224 me
492 2175 607 2227 truces?

145 2255 199 2309 Per
211 2251 314 2306 liberos
328 2262 363 2321 te,
378 2253 400 2307 si
414 2264 515 2309 vocata
528 2255 662 2325 partubus
859 2265 872 2321 5

180 2336 288 2391 Lucina
300 2336 372 2390 veris
390 2337 478 2406 affuit,

144 2423 198 2476 Per
210 2421 264 2474 hoc
278 2419 362 2473 inane
375 2437 507 2490 purpurae
519 2420 605 2473 decus
618 2434 724 2488 precor,

180 2506 234 2560 Per
246 2504 468 2574 improbatumm
480 2505 543 2558 haec
554 2505 663 2572 Jovem,

36 2604 44 2616 ⁸
144 2588 219 2660 Quid
233 2598 262 2642 ut
276 2605 397 2643 noverca
410 2604 456 2641 me
469 2586 584 2641 intueris
599 2595 645 2640 aut
659 2585 698 2639 uti

180 2673 271 2726 Petita
283 2673 356 2728 ferro
369 2675 453 2727 belua
462 2673 494 2726 ?''
842 2684 874 2723 10

145 2757 185 2811 Ut
198 2756 260 2810 haec
273 2755 404 2810 trementi
418 2765 533 2827 questus
547 2771 595 2808 ore
608 2752 732 2807 constitit

177 2839 342 2908 Insignibus
356 2839 443 2914 raptis
457 2855 534 2910 puer,
