1980 3180
313 292 489 348 EPODON
508 294 641 348 LIBEll'⁴
823 304 826 311 ’
845 308 876 361 17

440 531 519 583 XVl.

27 696 33 703 ,
75 638 205 692 ALTERA
215 637 275 707 jam
288 637 385 691 teritur
397 638 478 691 bellis
492 638 620 693 civilibus
633 646 711 708 aetas,

114 722 177 776 Suis
190 731 217 775 et
232 722 293 791 ipsa
306 723 399 775 Roma
411 721 516 791 viribus
529 722 590 777 ruit.

78 805 171 874 Quam
184 822 275 874 neque
290 804 398 865 finitimi
411 807 556 867 valuerunt
569 805 687 876 perdere
701 806 798 874 Marsi,

114 889 234 943 Minacis
248 900 295 942 aut
302 890 430 943 Etrusca
443 890 576 959 Porsenae
589 907 698 958 manuS,

76 971 192 1026 AEmula
204 988 256 1025 nec
269 966 356 1025 virtus
371 973 484 1042 Capuae,
498 989 550 1026 nec
566 973 717 1043 Spartacus
730 988 804 1041 acer,
861 987 874 1043 5

113 1055 259 1125 Novisque
272 1057 355 1110 rebus
368 1055 489 1132 infidelis
501 1057 644 1124 Allobrox,

79 1139 141 1192 Nec
154 1138 212 1192 sera
226 1139 346 1193 caerulea
359 1137 466 1192 domuit
481 1139 634 1193 Germania
646 1139 721 1208 pube

114 1221 336 1290 Parentibusque
350 1221 528 1275 abominatus
544 1220 698 1289 Hannibal,

78 1303 170 1373 Impia
182 1303 332 1372 perdemus
345 1303 440 1358 devoti
453 1304 597 1373 sanguinis
610 1313 689 1373 aetas,

113 1385 247 1456 Ferisque
260 1404 354 1457 rursus
369 1387 550 1457 occupabitur
562 1387 661 1442 solum.
844 1402 875 1440 ιο

77 1469 218 1523 Barbarus
232 1470 287 1524 heu
301 1469 409 1525 cineres
422 1470 532 1525 insistet
545 1470 642 1538 victor,
656 1479 684 1525 et
696 1470 795 1525 urbem

112 1553 208 1622 Eques
222 1561 340 1606 sonante
354 1553 512 1608 verberabit
524 1553 636 1623 ungula,

76 1636 203 1706 Quaeque
216 1646 312 1691 carent
325 1636 415 1690 ventis
428 1647 456 1691 et
469 1637 575 1691 solibus
588 1653 654 1690 ossa
667 1635 785 1706 Quirini,

113 1719 201 1773 Nefas
215 1719 327 1773 videre!
348 1719 495 1789 dissipabit
508 1720 640 1774 insolens.

76 1801 160 1856 Forte
173 1802 240 1872 quid
250 1801 380 1871 expediat
394 1792 579 1864 communiter
588 1811 635 1855 aut
648 1801 748 1855 melior
759 1804 824 1873 pars
842 1818 871 1874 15

112 1885 196 1938 Malis
210 1902 304 1939 carere
318 1885 440 1955 quaeritis
454 1885 614 1939 laboribus:

77 1968 162 2021 Nulla
175 1967 210 2021 sit
223 1970 276 2021 hac
289 1968 381 2038 potior
394 1969 541 2037 sententia,
556 1969 741 2022 Phocaeorum
779 2031 781 2035 y

16 2039 19 2043 ’
110 2051 193 2104 Velut
206 2050 327 2120 profugit
341 2061 485 2106 exsecrata
499 2052 596 2106 civitas

73 2132 165 2199 Agros
179 2143 262 2202 atque
278 2135 362 2186 Lares
376 2135 489 2203 patrios,
503 2134 714 2205 habitandaque
727 2136 794 2190 sana

109 2214 193 2284 Apris
206 2215 317 2298 reliqpit
331 2226 357 2269 et
372 2217 519 2286 rapacibus
532 2217 614 2286 lupis,
837 2233 872 2271 20

76 2298 120 2350 lre
132 2297 219 2366 pedes
233 2298 399 2368 qubcunque
411 2299 508 2365 ferent,
522 2298 689 2369 qudcunque
701 2316 751 2369 per
763 2300 853 2354 undas

111 2381 202 2442 Notus
216 2381 327 2434 vocabit
341 2392 387 2435 aut
401 2392 546 2450 protervus
560 2383 679 2437 Africus

77 2462 124 2516 Sic
136 2464 250 2533 placet?
262 2481 297 2517 an
308 2464 407 2517 melius
416 2465 478 2534 quis
488 2466 573 2519 habet
584 2465 720 2519 suadere?
740 2465 870 2518 Secunda

110 2546 212 2601 Ratem
226 2563 363 2615 occupare
377 2547 444 2617 quid
457 2565 600 2601 moramur
612 2547 701 2601 alite?

76 2626 132 2682 Sed
142 2626 267 2698 juremus
281 2629 309 2682 in
322 2630 401 2700 baec:
423 2630 504 2683 simul
518 2630 581 2684 imis
595 2647 663 2684 saxa
676 2630 802 2684 renarint
835 2644 877 2692 ag

109 2709 197 2767 Vadis
210 2713 313 2784 levata,
326 2731 363 2769 ne
375 2713 472 2770 redire
484 2714 523 2768 sit
534 2713 640 2775 nolas,

64 2795 130 2850 Neu
144 2813 289 2858 conversa
302 2802 431 2858 domum
441 2801 549 2874 pigeat
562 2793 759 2850 darelimea,
767 2774 895 2846 &imm

94 2880 195 2941 Padus
213 2888 340 2946 Matina
352 2889 466 2946 laverit
482 2880 667 2942 cacuminat

507 2983 531 3024 e
