1980 3180
81 273 111 325 18
233 292 238 299 ·
275 271 306 341 Q.
334 271 516 324 HORATII
536 270 688 325 FLACCI

81 416 113 466 ln
127 429 204 466 mare
217 430 266 466 seu
279 414 370 473 celsus
383 413 551 482 procurrerit
565 412 741 481 Apenninus,

117 498 255 566 Novaque
268 506 395 550 monstra
405 495 525 564 junxerit
539 494 654 559 libidine
846 509 882 563 30

82 580 172 633 Mirus
185 597 271 647 amor,
283 580 360 648 juvet
374 589 403 633 ut
416 579 502 648 tigres
516 578 662 632 subsidere
675 577 773 647 cervis,

116 663 297 716 Adulteretur
309 672 336 716 et
351 663 482 716 columba
494 662 588 730 miluo,

82 746 203 799 Credula
215 762 268 798 nec
280 762 362 798 ravos
376 745 494 799 timeant
507 755 633 799 armenta
645 745 750 811 leones,

116 829 256 898 Ametque
270 829 344 882 salsa
357 828 425 882 levis
438 828 531 882 hircus
545 844 666 897 aequora.

84 913 164 980 Haec,
175 921 202 965 et
213 928 276 982 quae
285 921 416 981 poterunt
430 912 535 966 reditus
549 910 714 965 abscindere
728 910 832 976 dulces,
847 922 879 978 35

38 992 47 1003 “
118 997 225 1049 Eamus
238 995 329 1049 omnis
343 1006 487 1049 exsecrata
499 995 606 1062 civitas,

81 1081 138 1133 Aut
152 1098 216 1150 pars
230 1079 344 1134 indocili
357 1079 456 1133 melior
468 1096 571 1148 grege;
591 1077 684 1132 mollis
698 1087 725 1131 et
738 1092 838 1145 exspes

121 1163 280 1218 inominata
292 1161 445 1233 perprimat
459 1161 578 1215 cubilia!
645 1218 647 1222 ,

83 1247 150 1312 Vos,
165 1246 265 1316 quibus
279 1256 321 1300 est
335 1246 430 1313 virtus,
444 1245 611 1299 muliebrem
624 1243 712 1298 tollite
725 1245 839 1310 luctum,

120 1331 240 1384 Etrusca
253 1339 355 1399 praeter
368 1340 395 1383 et
408 1329 501 1382 volate
514 1329 602 1382 litora.
847 1341 883 1392 4ο

86 1415 146 1466 Nos
160 1422 255 1466 manet
269 1413 400 1467 Oceanus
414 1412 625 1480 circumvagus:
645 1428 720 1478 arva,
733 1411 817 1464 beata

121 1497 253 1549 Petamus
267 1513 342 1564 arva,
356 1495 456 1550 divites
470 1505 497 1550 et
511 1495 625 1562 insulas,

85 1579 190 1633 Reddit
203 1579 250 1633 ubi
264 1580 397 1633 Cererem
410 1579 615 1633 tellus-inarata
628 1577 786 1648 quotannis,

120 1662 157 1714 Et
171 1661 309 1730 imputata
320 1661 399 1715 floret
413 1678 501 1732 usque
513 1661 603 1726 vinea,

86 1744 232 1798 Germinat
246 1754 431 1815 etnunquam
444 1744 566 1799 fallentis
581 1753 684 1799 termes
698 1744 787 1813 olivae,
847 1757 880 1812 45

121 1831 263 1899 Suamque
276 1831 352 1899 pulla
366 1829 433 1884 ficus
447 1839 527 1883 ornat
541 1830 678 1896 arborem,

86 1913 173 1966 Mella
186 1920 256 1966 cava
268 1923 384 1967 manant
397 1929 431 1967 ex
444 1912 515 1980 ilice,
529 1911 671 1966 montibus
686 1911 749 1966 altis

121 1997 203 2050 Levis
217 2007 350 2066 crepante
363 1997 479 2065 lympha
492 1995 583 2050 desilit
597 1997 677 2066 pede.

87 2078 146 2131 llllc
160 2079 275 2148 injussae
287 2079 403 2133 veniunt
417 2079 454 2133 ad
466 2081 585 2133 mulctra
599 2079 723 2150 capellae‚

121 2161 272 2232 Refertque
285 2171 364 2215 tenta
375 2179 441 2231 grex
455 2162 562 2216 amicus
575 2163 680 2229 ubera,

86 2247 147 2299 Nec
160 2244 335 2314 vespertinus
348 2245 541 2313 circumgemit
554 2262 634 2298 ursus
648 2244 728 2310 ovile,

122 2330 223 2398 Neque
236 2327 396 2382 intumescit
410 2328 467 2381 alta
479 2327 581 2397 viperis
595 2328 704 2380 humus,

87 2413 225 2482 Pluraque
237 2411 333 2465 felices
347 2410 530 2464 mirabimur:
550 2419 579 2464 ut
593 2426 685 2478 neque
698 2408 782 2477 largis

119 2498 251 2565 Aquosus
265 2497 357 2549 Eurus
371 2511 439 2549 arva
451 2494 532 2548 radat
546 2493 690 2558 imbribus,

86 2579 203 2648 Pinguia
215 2596 267 2634 nec
280 2579 362 2634 siccis
376 2587 491 2633 urantur
504 2577 613 2632 semina
625 2576 723 2646 glebis,
848 2586 879 2645 55

120 2666 278 2732 Utrumque
292 2681 356 2734 rege
370 2673 545 2733 temperante
559 2661 691 2716 coelitum.

58 2744 132 2793 Non
144 2743 206 2796 lule
216 2747 320 2817 Argoo
334 2747 485 2805 contendit
500 2747 610 2818 remige
621 2744 718 2818 pinus,

76 2821 114 2871 Ν
110 2837 191 2893 &11¹⁶
203 2827 361 2903 impudica
377 2835 504 2894 Colchis
520 2831 620 2892 intulit
632 2828 764 2906 pedem3
